<?xml version="1.0" encoding="UTF-8"?>
<!DOCTYPE html PUBLIC "-//W3C//DTD XHTML 1.0 Transitional//EN"
    "http://www.w3.org/TR/xhtml1/DTD/xhtml1-transitional.dtd">
<html xmlns="http://www.w3.org/1999/xhtml" xml:lang="en" lang="en">
 <head>
  <title>
</title>
<meta http-equiv="Content-Type" content="text/html;charset=utf-8" />
  <meta name='ocr-system' content='tesseract 3.04.00' />
  <meta name='ocr-capabilities' content='ocr_page ocr_carea ocr_par ocr_line ocrx_word'/>
</head>
<body>
  <div class='ocr_page' id='page_1' title='image "./fragmentapotaru00barigoog_0072.png"; bbox 0 0 2264 3728; ppageno 0'>
   <div class='ocr_carea' id='block_1_1' title="bbox 52 107 860 212">
    <p class='ocr_par' dir='ltr' id='par_1_1' title="bbox 52 107 860 212">
     <span class='ocr_line' id='line_1_1' title="bbox 52 107 860 212; baseline 0.017 -36"><span class='ocrx_word' id='word_1_1' title='bbox 52 137 96 212; x_wconf 68' lang='lat'>5¹⁰</span> <span class='ocrx_word' id='word_1_2' title='bbox 280 107 457 190; x_wconf 79' lang='lat' dir='ltr'>calumnia,</span> <span class='ocrx_word' id='word_1_3' title='bbox 474 107 860 212; x_wconf 61' lang='lat' dir='ltr'>Detruiiioffliffamatio.</span> 
     </span>
    </p>
   </div>
   <div class='ocr_carea' id='block_1_2' title="bbox 7 232 1060 1859">
    <p class='ocr_par' dir='ltr' id='par_1_2' title="bbox 42 232 798 441">
     <span class='ocr_line' id='line_1_2' title="bbox 42 232 798 343; baseline 0.011 -27"><span class='ocrx_word' id='word_1_4' title='bbox 42 232 81 343; x_wconf 70' lang='lat' dir='ltr'>Si</span> <span class='ocrx_word' id='word_1_5' title='bbox 98 256 174 319; x_wconf 81' lang='lat' dir='ltr'>bene</span> <span class='ocrx_word' id='word_1_6' title='bbox 193 252 236 317; x_wconf 85' lang='lat' dir='ltr'>vis</span> <span class='ocrx_word' id='word_1_7' title='bbox 256 251 332 331; x_wconf 87' lang='lat' dir='ltr'>dici,</span> <span class='ocrx_word' id='word_1_8' title='bbox 349 276 450 318; x_wconf 83' lang='lat' dir='ltr'>caveas</span> <span class='ocrx_word' id='word_1_9' title='bbox 466 258 541 320; x_wconf 72' lang='lat' dir='ltr'>maie</span> <span class='ocrx_word' id='word_1_10' title='bbox 556 255 680 321; x_wconf 82' lang='lat' dir='ltr'>dicere:</span> <span class='ocrx_word' id='word_1_11' title='bbox 704 262 798 343; x_wconf 86' lang='lat' dir='ltr'>qualis</span> 
     </span>
     <span class='ocr_line' id='line_1_3' title="bbox 117 356 775 441; baseline 0.003 -16"><span class='ocrx_word' id='word_1_12' title='bbox 117 360 235 425; x_wconf 81' lang='lat' dir='ltr'>Clamor</span> <span class='ocrx_word' id='word_1_13' title='bbox 249 356 310 420; x_wconf 85' lang='lat' dir='ltr'>adit</span> <span class='ocrx_word' id='word_1_14' title='bbox 332 358 446 441; x_wconf 84' lang='lat' dir='ltr'>sylvas,</span> <span class='ocrx_word' id='word_1_15' title='bbox 464 361 529 422; x_wconf 79' lang='lat' dir='ltr'>tatis</span> <span class='ocrx_word' id='word_1_16' title='bbox 551 360 667 424; x_wconf 81' lang='lat' dir='ltr'>&amp;inde</span> <span class='ocrx_word' id='word_1_17' title='bbox 685 359 775 427; x_wconf 82' lang='lat' dir='ltr'>redit.</span> 
     </span>
    </p>

    <p class='ocr_par' dir='ltr' id='par_1_3' title="bbox 2 460 1058 1108">
     <span class='ocr_line' id='line_1_4' title="bbox 40 460 967 567; baseline 0.01 -28"><span class='ocrx_word' id='word_1_18' title='bbox 40 460 165 554; x_wconf 83' lang='lat' dir='ltr'><strong>Audit,</strong></span> <span class='ocrx_word' id='word_1_19' title='bbox 184 474 266 559; x_wconf 90' lang='lat' dir='ltr'>quod</span> <span class='ocrx_word' id='word_1_20' title='bbox 283 499 345 538; x_wconf 91' lang='lat' dir='ltr'>non</span> <span class='ocrx_word' id='word_1_21' title='bbox 364 479 445 558; x_wconf 84' lang='lat' dir='ltr'>vuit,</span> <span class='ocrx_word' id='word_1_22' title='bbox 461 480 511 564; x_wconf 88' lang='lat' dir='ltr'>qui</span> <span class='ocrx_word' id='word_1_23' title='bbox 530 481 631 562; x_wconf 88' lang='lat' dir='ltr'>pergit</span> <span class='ocrx_word' id='word_1_24' title='bbox 648 476 767 560; x_wconf 84' lang='lat' dir='ltr'>dicere,</span> <span class='ocrx_word' id='word_1_25' title='bbox 786 481 868 567; x_wconf 88' lang='lat' dir='ltr'>quod</span> <span class='ocrx_word' id='word_1_26' title='bbox 886 487 967 553; x_wconf 79' lang='lat' dir='ltr'>rult&#39;</span> 
     </span>
     <span class='ocr_line' id='line_1_5' title="bbox 41 570 707 677; baseline -0.003 -21"><span class='ocrx_word' id='word_1_27' title='bbox 41 570 133 656; x_wconf 76' lang='lat' dir='ltr'>Talia</span> <span class='ocrx_word' id='word_1_28' title='bbox 150 590 290 655; x_wconf 80' lang='lat' dir='ltr'>ditentur</span> <span class='ocrx_word' id='word_1_29' title='bbox 308 591 380 671; x_wconf 89' lang='lat' dir='ltr'>tibi,</span> <span class='ocrx_word' id='word_1_30' title='bbox 395 593 490 677; x_wconf 90' lang='lat' dir='ltr'>qualia</span> <span class='ocrx_word' id='word_1_31' title='bbox 509 589 620 654; x_wconf 77' lang='lat' dir='ltr'>dixeris</span> <span class='ocrx_word' id='word_1_32' title='bbox 635 588 707 673; x_wconf 84' lang='lat' dir='ltr'>ipse.</span> 
     </span>
     <span class='ocr_line' id='line_1_6' title="bbox 7 691 669 787; baseline -0.006 -21"><span class='ocrx_word' id='word_1_33' title='bbox 7 723 9 727; x_wconf 80' lang='grc'><strong>’</strong></span> <span class='ocrx_word' id='word_1_34' title='bbox 39 691 242 775; x_wconf 81' lang='lat' dir='ltr'>Circumretit</span> <span class='ocrx_word' id='word_1_35' title='bbox 260 703 304 764; x_wconf 86' lang='lat' dir='ltr'>vis</span> <span class='ocrx_word' id='word_1_36' title='bbox 314 742 324 777; x_wconf 88' lang='lat'>,</span> <span class='ocrx_word' id='word_1_37' title='bbox 342 721 374 765; x_wconf 83' lang='lat' dir='ltr'>ar</span> <span class='ocrx_word' id='word_1_38' title='bbox 390 703 493 781; x_wconf 79' lang='lat' dir='ltr'>injuria</span> <span class='ocrx_word' id='word_1_39' title='bbox 507 721 669 787; x_wconf 83' lang='lat' dir='ltr'>quemque,</span> 
     </span>
     <span class='ocr_line' id='line_1_7' title="bbox 38 802 1058 892; baseline 0 -26"><span class='ocrx_word' id='word_1_40' title='bbox 38 809 138 892; x_wconf 72' lang='lat' dir='ltr'>Atque</span> <span class='ocrx_word' id='word_1_41' title='bbox 156 802 235 866; x_wconf 80' lang='lat' dir='ltr'>unda</span> <span class='ocrx_word' id='word_1_42' title='bbox 257 815 366 868; x_wconf 80' lang='lat' dir='ltr'>exorta</span> <span class='ocrx_word' id='word_1_43' title='bbox 382 806 444 884; x_wconf 88' lang='lat' dir='ltr'>est,</span> <span class='ocrx_word' id='word_1_44' title='bbox 460 802 581 867; x_wconf 84' lang='lat' dir='ltr'>adeum</span> <span class='ocrx_word' id='word_1_45' title='bbox 596 803 773 890; x_wconf 80' lang='lat' dir='ltr'>plerumque</span> <span class='ocrx_word' id='word_1_46' title='bbox 788 802 927 868; x_wconf 82' lang='lat' dir='ltr'>revertit.</span> <span class='ocrx_word' id='word_1_47' title='bbox 960 806 1058 873; x_wconf 74' lang='lat' dir='ltr'>brut.</span> 
     </span>
     <span class='ocr_line' id='line_1_8' title="bbox 39 900 751 1001; baseline -0.006 -17"><span class='ocrx_word' id='word_1_48' title='bbox 39 900 238 984; x_wconf 73' lang='lat' dir='ltr'>conturbare</span> <span class='ocrx_word' id='word_1_49' title='bbox 257 937 350 999; x_wconf 83' lang='lat' dir='ltr'>tave,</span> <span class='ocrx_word' id='word_1_50' title='bbox 369 910 431 982; x_wconf 76' lang='lat' dir='ltr'>nori</span> <span class='ocrx_word' id='word_1_51' title='bbox 455 918 497 981; x_wconf 84' lang='lat' dir='ltr'>est</span> <span class='ocrx_word' id='word_1_52' title='bbox 512 917 629 1001; x_wconf 79' lang='lat' dir='ltr'>placare</span> <span class='ocrx_word' id='word_1_53' title='bbox 648 919 751 982; x_wconf 82' lang='lat' dir='ltr'>suave:</span> 
     </span>
     <span class='ocr_line' id='line_1_9' title="bbox 103 1019 902 1108; baseline -0.003 -18.337"><span class='ocrx_word' id='word_1_54' title='bbox 103 1023 247 1090; x_wconf 77' lang='lat' dir='ltr'>infamare</span> <span class='ocrx_word' id='word_1_55' title='bbox 265 1044 354 1103; x_wconf 84' lang='lat' dir='ltr'>care,</span> <span class='ocrx_word' id='word_1_56' title='bbox 370 1043 436 1086; x_wconf 91' lang='lat' dir='ltr'>nans</span> <span class='ocrx_word' id='word_1_57' title='bbox 457 1041 595 1086; x_wconf 80' lang='lat' dir='ltr'>revocare</span> <span class='ocrx_word' id='word_1_58' title='bbox 616 1043 717 1108; x_wconf 85' lang='lat' dir='ltr'>grave.</span> <span class='ocrx_word' id='word_1_59' title='bbox 759 1019 902 1087; x_wconf 54' lang='lat' dir='ltr'>Antros.</span> 
     </span>
    </p>

    <p class='ocr_par' dir='ltr' id='par_1_4' title="bbox 35 1111 813 1226">
     <span class='ocr_line' id='line_1_10' title="bbox 35 1111 813 1226; baseline -0.005 -28"><span class='ocrx_word' id='word_1_60' title='bbox 35 1111 128 1226; x_wconf 80' lang='lat' dir='ltr'>Qis</span> <span class='ocrx_word' id='word_1_61' title='bbox 144 1141 211 1220; x_wconf 87' lang='lat' dir='ltr'>quis</span> <span class='ocrx_word' id='word_1_62' title='bbox 230 1148 306 1200; x_wconf 86' lang='lat' dir='ltr'>amat</span> <span class='ocrx_word' id='word_1_63' title='bbox 322 1133 407 1198; x_wconf 74' lang='lat' dir='ltr'>diuis</span> <span class='ocrx_word' id='word_1_64' title='bbox 422 1132 542 1197; x_wconf 83' lang='lat' dir='ltr'>alienans</span> <span class='ocrx_word' id='word_1_65' title='bbox 561 1131 673 1197; x_wconf 84' lang='lat' dir='ltr'>rodere</span> <span class='ocrx_word' id='word_1_66' title='bbox 689 1133 813 1203; x_wconf 80' lang='lat' dir='ltr'>famam:</span> 
     </span>
    </p>

    <p class='ocr_par' dir='ltr' id='par_1_5' title="bbox 55 1238 757 1311">
     <span class='ocr_line' id='line_1_11' title="bbox 55 1238 757 1311; baseline -0.013 0"><span class='ocrx_word' id='word_1_67' title='bbox 55 1304 62 1311; x_wconf 92' lang='lat'>.</span> <span class='ocrx_word' id='word_1_68' title='bbox 102 1251 183 1309; x_wconf 87' lang='lat' dir='ltr'>Hanc</span> <span class='ocrx_word' id='word_1_69' title='bbox 199 1244 325 1306; x_wconf 78' lang='lat' dir='ltr'>mensam</span> <span class='ocrx_word' id='word_1_70' title='bbox 343 1240 466 1303; x_wconf 85' lang='lat' dir='ltr'>vetitam</span> <span class='ocrx_word' id='word_1_71' title='bbox 482 1243 605 1303; x_wconf 84' lang='lat' dir='ltr'>noverit</span> <span class='ocrx_word' id='word_1_72' title='bbox 626 1239 683 1302; x_wconf 83' lang='lat' dir='ltr'>effe</span> <span class='ocrx_word' id='word_1_73' title='bbox 697 1238 757 1302; x_wconf 86' lang='lat' dir='ltr'>srbi.</span> 
     </span>
    </p>

    <p class='ocr_par' dir='ltr' id='par_1_6' title="bbox 32 1339 884 1437">
     <span class='ocr_line' id='line_1_12' title="bbox 32 1339 884 1437; baseline -0.012 -17"><span class='ocrx_word' id='word_1_74' title='bbox 32 1339 208 1431; x_wconf 82' lang='lat' dir='ltr'>Homines,</span> <span class='ocrx_word' id='word_1_75' title='bbox 225 1353 276 1437; x_wconf 88' lang='lat' dir='ltr'>qui</span> <span class='ocrx_word' id='word_1_76' title='bbox 292 1350 426 1432; x_wconf 75' lang='lat' dir='ltr'>gestant,</span> <span class='ocrx_word' id='word_1_77' title='bbox 445 1347 556 1434; x_wconf 84' lang='lat' dir='ltr'>quique</span> <span class='ocrx_word' id='word_1_78' title='bbox 574 1347 734 1414; x_wconf 78' lang='lat' dir='ltr'>auscultant</span> <span class='ocrx_word' id='word_1_79' title='bbox 751 1348 884 1432; x_wconf 87' lang='lat' dir='ltr'>crimina,</span> 
     </span>
    </p>

    <p class='ocr_par' dir='ltr' id='par_1_7' title="bbox 31 1453 768 1541">
     <span class='ocr_line' id='line_1_13' title="bbox 31 1453 768 1541; baseline -0.009 -16"><span class='ocrx_word' id='word_1_80' title='bbox 31 1462 95 1541; x_wconf 87' lang='lat' dir='ltr'>(Si</span> <span class='ocrx_word' id='word_1_81' title='bbox 114 1481 181 1524; x_wconf 85' lang='lat' dir='ltr'>meo</span> <span class='ocrx_word' id='word_1_82' title='bbox 198 1457 338 1520; x_wconf 83' lang='lat' dir='ltr'>arbitratu</span> <span class='ocrx_word' id='word_1_83' title='bbox 355 1455 461 1536; x_wconf 84' lang='lat' dir='ltr'>liceat)</span> <span class='ocrx_word' id='word_1_84' title='bbox 476 1476 580 1518; x_wconf 84' lang='lat' dir='ltr'>ornnes</span> <span class='ocrx_word' id='word_1_85' title='bbox 599 1453 768 1538; x_wconf 77' lang='lat' dir='ltr'><strong>pendeant:</strong></span> 
     </span>
    </p>

    <p class='ocr_par' dir='ltr' id='par_1_8' title="bbox 13 1548 1060 1859">
     <span class='ocr_line' id='line_1_14' title="bbox 33 1548 1060 1645; baseline -0.012 -16"><span class='ocrx_word' id='word_1_86' title='bbox 33 1567 177 1631; x_wconf 79' lang='lat' dir='ltr'>Gestorer</span> <span class='ocrx_word' id='word_1_87' title='bbox 193 1548 322 1645; x_wconf 79' lang='lat' dir='ltr'>linguisz</span> <span class='ocrx_word' id='word_1_88' title='bbox 339 1557 503 1626; x_wconf 84' lang='lat' dir='ltr'>Auditores</span> <span class='ocrx_word' id='word_1_89' title='bbox 521 1557 649 1621; x_wconf 80' lang='lat' dir='ltr'>auribus.</span> <span class='ocrx_word' id='word_1_90' title='bbox 678 1560 767 1626; x_wconf 68' lang='lat' dir='ltr'>Pinus.</span> <span class='ocrx_word' id='word_1_91' title='bbox 779 1559 873 1642; x_wconf 74' lang='lat' dir='ltr'>Pseud.</span> <span class='ocrx_word' id='word_1_92' title='bbox 886 1576 929 1623; x_wconf 76' lang='lat' dir='ltr'>ar.</span> <span class='ocrx_word' id='word_1_93' title='bbox 943 1576 977 1633; x_wconf 85' lang='lat'>5.</span> <span class='ocrx_word' id='word_1_94' title='bbox 978 1556 1023 1638; x_wconf 67' lang='lat' dir='ltr'>st.</span> <span class='ocrx_word' id='word_1_95' title='bbox 1034 1576 1060 1639; x_wconf 60' lang='grc' dir='ltr'>ι,</span> 
     </span>
     <span class='ocr_line' id='line_1_15' title="bbox 32 1657 786 1742; baseline -0.008 -8"><span class='ocrx_word' id='word_1_96' title='bbox 32 1657 119 1741; x_wconf 77' lang='lat' dir='ltr'>Cum</span> <span class='ocrx_word' id='word_1_97' title='bbox 142 1669 221 1734; x_wconf 67' lang='lat' dir='ltr'>restit</span> <span class='ocrx_word' id='word_1_98' title='bbox 239 1671 337 1742; x_wconf 85' lang='lat' dir='ltr'>viras,</span> <span class='ocrx_word' id='word_1_99' title='bbox 359 1665 397 1728; x_wconf 68' lang='lat' dir='ltr'>nt</span> <span class='ocrx_word' id='word_1_100' title='bbox 416 1684 501 1728; x_wconf 85' lang='lat' dir='ltr'>cures</span> <span class='ocrx_word' id='word_1_101' title='bbox 521 1663 610 1726; x_wconf 86' lang='lat' dir='ltr'>verba</span> <span class='ocrx_word' id='word_1_102' title='bbox 625 1665 786 1731; x_wconf 80' lang='lat' dir='ltr'>maiorumt</span> 
     </span>
     <span class='ocr_line' id='line_1_16' title="bbox 13 1765 1058 1859; baseline -0.019 -14"><span class='ocrx_word' id='word_1_103' title='bbox 13 1765 155 1850; x_wconf 75' lang='lat' dir='ltr'>¹Arisitrii</span> <span class='ocrx_word' id='word_1_104' title='bbox 170 1799 231 1842; x_wconf 90' lang='lat' dir='ltr'>non</span> <span class='ocrx_word' id='word_1_105' title='bbox 250 1778 293 1846; x_wconf 78' lang='lat' dir='ltr'>est</span> <span class='ocrx_word' id='word_1_106' title='bbox 311 1777 418 1852; x_wconf 88' lang='lat' dir='ltr'>nostri,</span> <span class='ocrx_word' id='word_1_107' title='bbox 435 1769 508 1859; x_wconf 87' lang='lat' dir='ltr'>quid</span> <span class='ocrx_word' id='word_1_108' title='bbox 527 1769 648 1859; x_wconf 84' lang='lat' dir='ltr'>quisque</span> <span class='ocrx_word' id='word_1_109' title='bbox 664 1768 814 1853; x_wconf 86' lang='lat' dir='ltr'>loquatur.</span> <span class='ocrx_word' id='word_1_110' title='bbox 861 1766 928 1828; x_wconf 80' lang='lat' dir='ltr'>Cara</span> <span class='ocrx_word' id='word_1_111' title='bbox 938 1786 969 1848; x_wconf 79' lang='lat'>3.</span> <span class='ocrx_word' id='word_1_112' title='bbox 982 1774 1058 1837; x_wconf 72' lang='lat' dir='ltr'>Mn,</span> 
     </span>
    </p>
   </div>
   <div class='ocr_carea' id='block_1_3' title="bbox 438 1898 620 1995">
    <p class='ocr_par' dir='ltr' id='par_1_9' title="bbox 438 1898 620 1995">
     <span class='ocr_line' id='line_1_17' title="bbox 438 1898 620 1995; baseline 0 -26"><span class='ocrx_word' id='word_1_113' title='bbox 438 1910 478 1980; x_wconf 84' lang='lat' dir='ltr'>V,</span> <span class='ocrx_word' id='word_1_114' title='bbox 492 1898 620 1995; x_wconf 70' lang='lat' dir='ltr'>injuria.</span> 
     </span>
    </p>
   </div>
   <div class='ocr_carea' id='block_1_4' title="bbox 362 2080 722 2194">
    <p class='ocr_par' dir='ltr' id='par_1_10' title="bbox 362 2080 722 2194">
     <span class='ocr_line' id='line_1_18' title="bbox 362 2080 722 2194; baseline -0.036 0"><span class='ocrx_word' id='word_1_115' title='bbox 362 2080 722 2194; x_wconf 81' lang='lat' dir='ltr'>CAMPANA.</span> 
     </span>
    </p>
   </div>
   <div class='ocr_carea' id='block_1_5' title="bbox 31 2230 1077 2465">
    <p class='ocr_par' dir='ltr' id='par_1_11' title="bbox 31 2230 1077 2465">
     <span class='ocr_line' id='line_1_19' title="bbox 31 2230 756 2351; baseline -0.008 -27"><span class='ocrx_word' id='word_1_116' title='bbox 31 2230 185 2326; x_wconf 76' lang='lat' dir='ltr'>Turribus</span> <span class='ocrx_word' id='word_1_117' title='bbox 204 2265 232 2325; x_wconf 91' lang='lat' dir='ltr'>in</span> <span class='ocrx_word' id='word_1_118' title='bbox 252 2262 337 2329; x_wconf 87' lang='lat' dir='ltr'>sacris</span> <span class='ocrx_word' id='word_1_119' title='bbox 358 2264 488 2351; x_wconf 84' lang='lat' dir='ltr'>affigitur</span> <span class='ocrx_word' id='word_1_120' title='bbox 509 2285 607 2336; x_wconf 87' lang='lat' dir='ltr'>aenea,·</span> <span class='ocrx_word' id='word_1_121' title='bbox 626 2268 756 2323; x_wconf 80' lang='lat' dir='ltr'>nentem</span> 
     </span>
     <span class='ocr_line' id='line_1_20' title="bbox 99 2354 1077 2465; baseline -0.008 -35"><span class='ocrx_word' id='word_1_122' title='bbox 99 2364 145 2430; x_wconf 82' lang='lat' dir='ltr'>Ad</span> <span class='ocrx_word' id='word_1_123' title='bbox 167 2366 288 2451; x_wconf 85' lang='lat' dir='ltr'>superos</span> <span class='ocrx_word' id='word_1_124' title='bbox 307 2370 404 2451; x_wconf 82' lang='lat' dir='ltr'>plenis</span> <span class='ocrx_word' id='word_1_125' title='bbox 422 2366 504 2455; x_wconf 75' lang='lat' dir='ltr'>quod</span> <span class='ocrx_word' id='word_1_126' title='bbox 521 2374 646 2430; x_wconf 86' lang='lat' dir='ltr'>revocat</span> <span class='ocrx_word' id='word_1_127' title='bbox 659 2358 794 2445; x_wconf 76' lang='lat' dir='ltr'>vigilem·</span> <span class='ocrx_word' id='word_1_128' title='bbox 834 2354 952 2422; x_wconf 74' lang='lat' dir='ltr'>Alteras.</span> <span class='ocrx_word' id='word_1_129' title='bbox 964 2356 1077 2465; x_wconf 26' lang='lat' dir='ltr'>Ml..</span> 
     </span>
    </p>
   </div>
   <div class='ocr_carea' id='block_1_6' title="bbox 31 2448 838 2564">
    <p class='ocr_par' dir='ltr' id='par_1_12' title="bbox 31 2448 838 2564">
     <span class='ocr_line' id='line_1_21' title="bbox 31 2448 838 2564; baseline -0.016 -20"><span class='ocrx_word' id='word_1_130' title='bbox 31 2448 125 2564; x_wconf 70' lang='lat' dir='ltr'>Quid</span> <span class='ocrx_word' id='word_1_131' title='bbox 141 2480 229 2560; x_wconf 89' lang='lat' dir='ltr'>nola,</span> <span class='ocrx_word' id='word_1_132' title='bbox 244 2502 304 2543; x_wconf 91' lang='lat' dir='ltr'>non</span> <span class='ocrx_word' id='word_1_133' title='bbox 320 2480 475 2560; x_wconf 82' lang='lat' dir='ltr'>resonans,</span> <span class='ocrx_word' id='word_1_134' title='bbox 490 2474 709 2543; x_wconf 79' lang='lat' dir='ltr'>commoditatis</span> <span class='ocrx_word' id='word_1_135' title='bbox 725 2469 838 2533; x_wconf 72' lang='lat' dir='ltr'>habet?</span> 
     </span>
    </p>
   </div>
   <div class='ocr_carea' id='block_1_7' title="bbox 26 2560 895 2992">
    <p class='ocr_par' dir='ltr' id='par_1_13' title="bbox 26 2560 895 2992">
     <span class='ocr_line' id='line_1_22' title="bbox 29 2560 813 2679; baseline -0.015 -25"><span class='ocrx_word' id='word_1_136' title='bbox 29 2560 102 2653; x_wconf 69' lang='lat' dir='ltr'>En!</span> <span class='ocrx_word' id='word_1_137' title='bbox 119 2611 178 2676; x_wconf 82' lang='lat' dir='ltr'>ego</span> <span class='ocrx_word' id='word_1_138' title='bbox 197 2613 354 2673; x_wconf 83' lang='lat' dir='ltr'>campana,</span> <span class='ocrx_word' id='word_1_139' title='bbox 376 2615 521 2679; x_wconf 88' lang='lat' dir='ltr'>nunquam</span> <span class='ocrx_word' id='word_1_140' title='bbox 538 2588 705 2675; x_wconf 87' lang='lat' dir='ltr'>pronuncio</span> <span class='ocrx_word' id='word_1_141' title='bbox 725 2602 813 2647; x_wconf 73' lang='lat' dir='ltr'>vanas</span> 
     </span>
     <span class='ocr_line' id='line_1_23' title="bbox 27 2684 851 2772; baseline -0.011 -17"><span class='ocrx_word' id='word_1_142' title='bbox 27 2695 148 2769; x_wconf 75' lang='lat' dir='ltr'>Ignem,</span> <span class='ocrx_word' id='word_1_143' title='bbox 162 2690 209 2751; x_wconf 86' lang='lat' dir='ltr'>vel</span> <span class='ocrx_word' id='word_1_144' title='bbox 222 2688 343 2770; x_wconf 85' lang='lat' dir='ltr'>festum,</span> <span class='ocrx_word' id='word_1_145' title='bbox 368 2692 500 2772; x_wconf 87' lang='lat' dir='ltr'>beilum,</span> <span class='ocrx_word' id='word_1_146' title='bbox 517 2693 565 2757; x_wconf 84' lang='lat' dir='ltr'>rei</span> <span class='ocrx_word' id='word_1_147' title='bbox 581 2690 668 2754; x_wconf 85' lang='lat' dir='ltr'>funus</span> <span class='ocrx_word' id='word_1_148' title='bbox 684 2684 851 2750; x_wconf 78' lang='lat' dir='ltr'>honestum.</span> 
     </span>
     <span class='ocr_line' id='line_1_24' title="bbox 27 2776 895 2889; baseline -0.023 -11"><span class='ocrx_word' id='word_1_149' title='bbox 27 2776 261 2881; x_wconf 58' lang='lat' dir='ltr'>Dukss-mtlot,</span> <span class='ocrx_word' id='word_1_150' title='bbox 281 2801 388 2889; x_wconf 77' lang='lat' dir='ltr'>frango</span> <span class='ocrx_word' id='word_1_151' title='bbox 411 2804 525 2882; x_wconf 81' lang='lat' dir='ltr'>toeios,</span> <span class='ocrx_word' id='word_1_152' title='bbox 538 2802 679 2867; x_wconf 59' lang='lat' dir='ltr'>sanarum</span> <span class='ocrx_word' id='word_1_153' title='bbox 691 2797 767 2862; x_wconf 87' lang='lat' dir='ltr'>sacra</span> <span class='ocrx_word' id='word_1_154' title='bbox 782 2815 895 2884; x_wconf 86' lang='lat' dir='ltr'>pango,</span> 
     </span>
     <span class='ocr_line' id='line_1_25' title="bbox 26 2900 835 2992; baseline -0.026 -6"><span class='ocrx_word' id='word_1_155' title='bbox 26 2900 194 2967; x_wconf 56' lang='lat' dir='ltr'><strong>Defunssm</strong></span> <span class='ocrx_word' id='word_1_156' title='bbox 212 2904 322 2990; x_wconf 82' lang='lat' dir='ltr'>plango</span> <span class='ocrx_word' id='word_1_157' title='bbox 336 2952 346 2984; x_wconf 87' lang='lat'>,</span> <span class='ocrx_word' id='word_1_158' title='bbox 360 2909 447 2970; x_wconf 82' lang='lat' dir='ltr'>viros</span> <span class='ocrx_word' id='word_1_159' title='bbox 464 2928 542 2970; x_wconf 90' lang='lat' dir='ltr'>voco</span> <span class='ocrx_word' id='word_1_160' title='bbox 552 2949 561 2982; x_wconf 92' lang='lat'>,</span> <span class='ocrx_word' id='word_1_161' title='bbox 583 2904 700 2992; x_wconf 77' lang='lat' dir='ltr'>fulgura</span> <span class='ocrx_word' id='word_1_162' title='bbox 717 2901 835 2987; x_wconf 80' lang='lat' dir='ltr'>frango.</span> 
     </span>
    </p>
   </div>
   <div class='ocr_carea' id='block_1_8' title="bbox 25 3010 940 3207">
    <p class='ocr_par' dir='ltr' id='par_1_14' title="bbox 25 3010 940 3207">
     <span class='ocr_line' id='line_1_26' title="bbox 25 3010 820 3103; baseline -0.003 -21"><span class='ocrx_word' id='word_1_163' title='bbox 25 3010 64 3096; x_wconf 85' lang='lat' dir='ltr'>Si</span> <span class='ocrx_word' id='word_1_164' title='bbox 85 3020 193 3100; x_wconf 80' lang='lat' dir='ltr'>procul</span> <span class='ocrx_word' id='word_1_165' title='bbox 211 3010 227 3080; x_wconf 70' lang='grc' dir='ltr'>ὲ</span> <span class='ocrx_word' id='word_1_166' title='bbox 246 3019 391 3098; x_wconf 86' lang='lat' dir='ltr'>Proculo,</span> <span class='ocrx_word' id='word_1_167' title='bbox 413 3020 529 3085; x_wconf 83' lang='lat' dir='ltr'>Proculi</span> <span class='ocrx_word' id='word_1_168' title='bbox 547 3039 686 3103; x_wconf 85' lang='lat' dir='ltr'>campana</span> <span class='ocrx_word' id='word_1_169' title='bbox 708 3021 820 3086; x_wconf 78' lang='lat' dir='ltr'>fuisset:</span> 
     </span>
     <span class='ocr_line' id='line_1_27' title="bbox 87 3116 940 3207; baseline 0.005 -21"><span class='ocrx_word' id='word_1_170' title='bbox 87 3132 150 3207; x_wconf 88' lang='lat' dir='ltr'>Jarn</span> <span class='ocrx_word' id='word_1_171' title='bbox 170 3125 277 3204; x_wconf 84' lang='lat' dir='ltr'>procul</span> <span class='ocrx_word' id='word_1_172' title='bbox 295 3116 311 3185; x_wconf 68' lang='lat' dir='ltr'>s</span> <span class='ocrx_word' id='word_1_173' title='bbox 326 3126 468 3199; x_wconf 81' lang='lat' dir='ltr'>Proculo,</span> <span class='ocrx_word' id='word_1_174' title='bbox 480 3127 618 3190; x_wconf 80' lang='lat' dir='ltr'>Proculus</span> <span class='ocrx_word' id='word_1_175' title='bbox 636 3125 696 3205; x_wconf 87' lang='lat' dir='ltr'>ipse</span> <span class='ocrx_word' id='word_1_176' title='bbox 711 3123 803 3189; x_wconf 83' lang='lat' dir='ltr'>foret.</span> <span class='ocrx_word' id='word_1_177' title='bbox 936 3138 940 3145; x_wconf 85' lang='lat'>&#39;</span> 
     </span>
    </p>
   </div>
   <div class='ocr_carea' id='block_1_9' title="bbox 25 3227 984 3380">
    <p class='ocr_par' dir='ltr' id='par_1_15' title="bbox 25 3227 984 3380">
     <span class='ocr_line' id='line_1_28' title="bbox 25 3227 984 3320; baseline 0.015 -36"><span class='ocrx_word' id='word_1_178' title='bbox 25 3227 42 3262; x_wconf 68' lang='lat'>⁴*</span> <span class='ocrx_word' id='word_1_179' title='bbox 62 3230 107 3288; x_wconf 80' lang='lat' dir='ltr'>At</span> <span class='ocrx_word' id='word_1_180' title='bbox 123 3235 151 3292; x_wconf 82' lang='lat'>8.</span> <span class='ocrx_word' id='word_1_181' title='bbox 165 3227 305 3290; x_wconf 76' lang='lat' dir='ltr'>Proculum</span> <span class='ocrx_word' id='word_1_182' title='bbox 320 3272 329 3303; x_wconf 90' lang='lat'>,</span> <span class='ocrx_word' id='word_1_183' title='bbox 344 3230 474 3293; x_wconf 73' lang='lat' dir='ltr'>Proculus</span> <span class='ocrx_word' id='word_1_184' title='bbox 488 3233 599 3293; x_wconf 69' lang='lat' dir='ltr'>excidat</span> <span class='ocrx_word' id='word_1_185' title='bbox 617 3250 749 3320; x_wconf 77' lang='lat' dir='ltr'>camparte</span> <span class='ocrx_word' id='word_1_186' title='bbox 765 3233 853 3317; x_wconf 71' lang='lat' dir='ltr'>tingat</span> <span class='ocrx_word' id='word_1_187' title='bbox 871 3232 984 3315; x_wconf 77' lang='lat' dir='ltr'>occisus,</span> 
     </span>
     <span class='ocr_line' id='line_1_29' title="bbox 89 3314 550 3380; baseline 0.009 -3"><span class='ocrx_word' id='word_1_188' title='bbox 89 3317 124 3377; x_wconf 60' lang='grc' dir='ltr'>ὅ</span> <span class='ocrx_word' id='word_1_189' title='bbox 141 3314 241 3376; x_wconf 74' lang='lat' dir='ltr'>ibidem</span> <span class='ocrx_word' id='word_1_190' title='bbox 258 3314 401 3376; x_wconf 76' lang='lat' dir='ltr'>sumniam</span> <span class='ocrx_word' id='word_1_191' title='bbox 412 3319 550 3380; x_wconf 77' lang='lat' dir='ltr'>Bononia.</span> 
     </span>
    </p>
   </div>
   <div class='ocr_carea' id='block_1_10' title="bbox 907 3426 1051 3493">
    <p class='ocr_par' dir='ltr' id='par_1_16' title="bbox 907 3426 1051 3493">
     <span class='ocr_line' id='line_1_30' title="bbox 907 3426 1051 3493; baseline 0.007 -1"><span class='ocrx_word' id='word_1_192' title='bbox 907 3426 1051 3493; x_wconf 72' lang='lat' dir='ltr'>CARMI-</span> 
     </span>
    </p>
   </div>
   <div class='ocr_carea' id='block_1_11' title="bbox 0 0 1136 3728">
    <p class='ocr_par' dir='ltr' id='par_1_17' title="bbox 0 0 1136 3728">
     <span class='ocr_line' id='line_1_31' title="bbox 0 0 1136 3728; baseline 0 6"><span class='ocrx_word' id='word_1_193' title='bbox 0 0 1136 3728; x_wconf 95' lang='lat' dir='ltr'> </span> 
     </span>
    </p>
   </div>
  </div>
 </body>
</html>
